<?xml version="1.0" encoding="UTF-8"?><collection xmlns="http://www.loc.gov/MARC21/slim"><record><leader>00352nam--2200121-i-4500</leader><controlfield tag="001">000004794</controlfield><controlfield tag="002">20161230</controlfield><controlfield tag="005">20161230201026</controlfield><controlfield tag="008">060222s1000------------r-----000-0-eng-d</controlfield><datafield ind1=" " ind2=" " tag="100"><subfield code="a">Comsa George</subfield></datafield><datafield ind1=" " ind2=" " tag="245"><subfield code="a">Variatia cu temperatura a lucrului de iesire al nichelului</subfield></datafield><datafield ind1=" " ind2=" " tag="260"><subfield code="a">Bucuresti, Faccultatea De Mat.-fiz., 1959 15 P. + 6 Fig. Lito</subfield></datafield><datafield ind1=" " ind2=" " tag="852"><subfield code="a">6527</subfield></datafield></record></collection>